<collection xmlns="http://www.loc.gov/MARC21/slim">
<record>
  <leader>02613nam0a22004571i 450 </leader>
  <controlfield tag="001">IT\ICCU\CNCE\036099</controlfield>
  <controlfield tag="005">20150415000000.0</controlfield>
  <datafield tag="012" ind1=" " ind2=" ">
    <subfield code="a">s,ec r-im dain ctim (3) 1545 (R)</subfield>
    <subfield code="2">fei</subfield>
  </datafield>
  <datafield tag="100" ind1=" " ind2=" ">
    <subfield code="a">19980119d1545        0itac0103    ba</subfield>
  </datafield>
  <datafield tag="101" ind1=" " ind2=" ">
    <subfield code="a">GRC</subfield>
    <subfield code="a">LAT</subfield>
  </datafield>
  <datafield tag="102" ind1=" " ind2=" ">
    <subfield code="a">IT</subfield>
  </datafield>
  <datafield tag="200" ind1="1" ind2=" ">
    <subfield code="a">Syruporum vniuersa ratio, ad Galeni censuram diligenter expolita cui, post integram de concoctione disceptationem, praescripta est uera purgandi methodus, cum expositione aphorismi: concocta medicari. Michaele Villanouano authore</subfield>
  </datafield>
  <datafield tag="210" ind1=" " ind2=" ">
    <subfield code="a">Venetiis</subfield>
    <subfield code="c">ex officina Erasmiana apud Vincentium Valgrisium</subfield>
    <subfield code="d">1545</subfield>
    <subfield code="e">\Venezia</subfield>
    <subfield code="g">Vincenzo Valgrisi!</subfield>
  </datafield>
  <datafield tag="215" ind1=" " ind2=" ">
    <subfield code="a">63, \1! c.</subfield>
    <subfield code="d">8ʻ</subfield>
  </datafield>
  <datafield tag="620" ind1=" " ind2=" ">
    <subfield code="a">IT</subfield>
    <subfield code="d">Venezia</subfield>
  </datafield>
  <datafield tag="700" ind1=" " ind2="1">
    <subfield code="a">Servet,</subfield>
    <subfield code="b">Miguel</subfield>
    <subfield code="3">IT\ICCU\CNCA\010105</subfield>
  </datafield>
  <datafield tag="712" ind1="0" ind2="0">
    <subfield code="a">Valgrisi, Vincenzo</subfield>
    <subfield code="3">IT\ICCU\CNCT\000062</subfield>
    <subfield code="4">650</subfield>
  </datafield>
  <datafield tag="790" ind1=" " ind2="0">
    <subfield code="a">Michael</subfield>
    <subfield code="c"> : Villanovanus</subfield>
    <subfield code="3">IT\ICCU\CNCA\017978</subfield>
    <subfield code="z">Servet, Miguel</subfield>
  </datafield>
  <datafield tag="790" ind1=" " ind2="1">
    <subfield code="a">Villeneuve,</subfield>
    <subfield code="b">Michel : de</subfield>
    <subfield code="3">IT\ICCU\CNCA\017979</subfield>
    <subfield code="z">Servet, Miguel</subfield>
  </datafield>
  <datafield tag="790" ind1=" " ind2="1">
    <subfield code="a">Servetus,</subfield>
    <subfield code="b">Michael</subfield>
    <subfield code="3">IT\ICCU\CNCA\024503</subfield>
    <subfield code="z">Servet, Miguel</subfield>
  </datafield>
  <datafield tag="791" ind1="0" ind2="0">
    <subfield code="a">Vaugris, Vincenzo</subfield>
    <subfield code="3">IT\ICCU\CNCT\002740</subfield>
    <subfield code="z">Valgrisi, Vincenzo</subfield>
  </datafield>
  <datafield tag="791" ind1="0" ind2="2">
    <subfield code="a">Officina Erasmiana</subfield>
    <subfield code="3">IT\ICCU\CNCT\002921</subfield>
    <subfield code="z">Valgrisi, Vincenzo</subfield>
  </datafield>
  <datafield tag="791" ind1="0" ind2="0">
    <subfield code="a">Valgrisius, Vincentius</subfield>
    <subfield code="3">IT\ICCU\CNCT\005845</subfield>
    <subfield code="z">Valgrisi, Vincenzo</subfield>
  </datafield>
  <datafield tag="791" ind1="0" ind2="0">
    <subfield code="a">Valgrisio, Vincenzo</subfield>
    <subfield code="3">IT\ICCU\CNCT\005846</subfield>
    <subfield code="z">Valgrisi, Vincenzo</subfield>
  </datafield>
  <datafield tag="801" ind1=" " ind2="3">
    <subfield code="a">IT</subfield>
    <subfield code="b">ICCU</subfield>
    <subfield code="c">20201114</subfield>
  </datafield>
  <datafield tag="899" ind1=" " ind2=" ">
    <subfield code="a">Biblioteca provinciale Salvatore Tommasi. Bazzano</subfield>
    <subfield code="1">AQ0047</subfield>
    <subfield code="2">ABR PR</subfield>
  </datafield>
  <datafield tag="899" ind1=" " ind2=" ">
    <subfield code="a">Biblioteca civica A. Mai. Bergamo</subfield>
    <subfield code="1">BG0026</subfield>
    <subfield code="2">LO1 02</subfield>
  </datafield>
  <datafield tag="899" ind1=" " ind2=" ">
    <subfield code="a">Biblioteca civica Berio. Genova</subfield>
    <subfield code="1">GE0036</subfield>
    <subfield code="2">SGE BE</subfield>
  </datafield>
  <datafield tag="899" ind1=" " ind2=" ">
    <subfield code="a">Biblioteca comunale Valentiniana. Camerino</subfield>
    <subfield code="1">MC0004</subfield>
    <subfield code="2">UMC BV</subfield>
  </datafield>
  <datafield tag="899" ind1=" " ind2=" ">
    <subfield code="a">Biblioteca nazionale Braidense. Milano</subfield>
    <subfield code="1">MI0185</subfield>
    <subfield code="2">MIL NB</subfield>
  </datafield>
  <datafield tag="899" ind1=" " ind2=" ">
    <subfield code="a">Biblioteca universitaria. Pavia</subfield>
    <subfield code="1">PV0291</subfield>
    <subfield code="2">MIL UP</subfield>
  </datafield>
  <datafield tag="899" ind1=" " ind2=" ">
    <subfield code="a">Biblioteca nazionale centrale. Roma</subfield>
    <subfield code="1">RM0267</subfield>
    <subfield code="2">BVE CR</subfield>
  </datafield>
  <datafield tag="899" ind1=" " ind2=" ">
    <subfield code="a">Biblioteca Angelica. Roma</subfield>
    <subfield code="1">RM0290</subfield>
    <subfield code="2">RML 06</subfield>
  </datafield>
  <datafield tag="899" ind1=" " ind2=" ">
    <subfield code="a">Biblioteca comunale degli Intronati. Siena</subfield>
    <subfield code="1">SI0046</subfield>
    <subfield code="2">RT1 QI</subfield>
  </datafield>
  <datafield tag="899" ind1=" " ind2=" ">
    <subfield code="a">Biblioteca comunale. Trento</subfield>
    <subfield code="1">TN0121</subfield>
    <subfield code="2">ZTN 01</subfield>
  </datafield>
  <datafield tag="899" ind1=" " ind2=" ">
    <subfield code="a">Biblioteca provinciale dei padri Cappuccini. Trento</subfield>
    <subfield code="1">TN0134</subfield>
    <subfield code="2">ZTN 02</subfield>
  </datafield>
  <datafield tag="899" ind1=" " ind2=" ">
    <subfield code="a">British Library. London</subfield>
    <subfield code="1">UK0001</subfield>
  </datafield>
  <datafield tag="911" ind1=" " ind2=" ">
    <subfield code="a">Sul front.</subfield>
    <subfield code="9">IT\ICCU\CNCM\000991</subfield>
  </datafield>
  <datafield tag="911" ind1=" " ind2=" ">
    <subfield code="a">In fine.</subfield>
    <subfield code="9">IT\ICCU\CNCM\000130</subfield>
  </datafield>
  <datafield tag="921" ind1=" " ind2=" ">
    <subfield code="a">IT\ICCU\CNCM\000991</subfield>
    <subfield code="b">Serpente attorcigliato a bastone a forma di tau sostenuto da mani uscenti da nuvole.</subfield>
    <subfield code="c">U72</subfield>
    <subfield code="d">Dimensioni: 2,8 x 4</subfield>
    <subfield code="f">SERPENTE</subfield>
    <subfield code="f">NUVOLE</subfield>
    <subfield code="g">1543-1569</subfield>
  </datafield>
  <datafield tag="921" ind1=" " ind2=" ">
    <subfield code="a">IT\ICCU\CNCM\000130</subfield>
    <subfield code="b">Serpente attorcigliato a bastone a forma di tau sostenuto da mani uscenti da nuvole.</subfield>
    <subfield code="c">Z1035</subfield>
    <subfield code="d">Dimensioni: 4 x 6</subfield>
    <subfield code="f">MANI</subfield>
    <subfield code="f">NUVOLE</subfield>
    <subfield code="f">SERPENTE</subfield>
    <subfield code="f">TAU</subfield>
    <subfield code="g">1543-1582</subfield>
  </datafield>
</record>
</collection>
